<record><leader>00000cas a2200000Ma 4500</leader><controlfield tag="001">11105282</controlfield><controlfield tag="008">840830d18751884inuwr ne      0    0eng d</controlfield><datafield ind1=" " ind2=" " tag="010"><subfield code="a">sn 84023976 </subfield></datafield><datafield ind1=" " ind2=" " tag="040"><subfield code="a">AQM</subfield><subfield code="b">eng</subfield><subfield code="c">AQM</subfield><subfield code="d">OCLCQ</subfield></datafield><datafield ind1="0" ind2="0" tag="245"><subfield code="a">Kokomo Saturday tribune.</subfield></datafield><datafield ind1=" " ind2=" " tag="260"><subfield code="a">Kokomo, Ind. :</subfield><subfield code="b">T.C. Phillips &amp; Sons,</subfield><subfield code="c">1875-1884.</subfield></datafield><datafield ind1=" " ind2=" " tag="310"><subfield code="a">Weekly</subfield></datafield><datafield ind1="0" ind2=" " tag="362"><subfield code="a">Vol. 24, no. 10 (Dec. 25, 1875)-v. 32, no. 32 (May 17, 1884).</subfield></datafield><datafield ind1=" " ind2="7" tag="655"><subfield code="a">Newspapers.</subfield><subfield code="2">rbgenr</subfield></datafield><datafield ind1=" " ind2=" " tag="752"><subfield code="a">United States</subfield><subfield code="b">Indiana</subfield><subfield code="c">Howard</subfield><subfield code="d">Kokomo.</subfield></datafield><datafield ind1="0" ind2="0" tag="780"><subfield code="t">Kokomo Saturday evening tribune</subfield><subfield code="w">(DLC)sn 85047823</subfield><subfield code="w">(OCoLC)12899638</subfield></datafield><datafield ind1="0" ind2="7" tag="785"><subfield code="t">Kokomo gazette</subfield></datafield><datafield ind1="0" ind2="7" tag="785"><subfield code="t">Kokomo gazette tribune (Kokomo, Ind. : Weekly)</subfield><subfield code="w">(DLC)sn 85047824</subfield><subfield code="w">(OCoLC)12899707</subfield></datafield><datafield ind1="1" ind2=" " tag="029"><subfield code="a">AU@</subfield><subfield code="b">000020338183</subfield></datafield></record>